@article{DBLP:journals/cacm/Dijkstra68,
    author    = {Edsger W. Dijkstra},
    title     = {The Structure of "THE"-Multiprogramming System},
    journal   = {Commun. ACM},
    volume    = {11},
    number    = {5},
    year      = {1968},
    pages     = {341-346},
    ee        = {http://doi.acm.org/10.1145/363095.363143},
    bibsource = {DBLP, http://dblp.uni-trier.de}
}
